@article{Joyner:2012:OSC:2110170.2110185,
 author = {Joyner, David and \v{C}ert\'{\i}k, Ond\v{r}ej and Meurer, Aaron and Granger, Brian E.},
 title = {Open Source Computer Algebra Systems: SymPy},
 journal = {ACM Commun. Comput. Algebra},
 issue_date = {September/December 2011},
 volume = {45},
 number = {3/4},
 month = jan,
 year = {2012},
 issn = {1932-2240},
 pages = {225--234},
 numpages = {10},
 url = {http://doi.acm.org/10.1145/2110170.2110185},
 doi = {10.1145/2110170.2110185},
 acmid = {2110185},
 publisher = {ACM},
 address = {New York, NY, USA},
}

@misc{MATLABOptimizationToolbox,
  title = {MATLAB Optimization Toolbox},
  year = {2015},
  note = {The MathWorks, Natick, MA, USA},
}